<?xml version="1.0" encoding="UTF-8"?><collection xmlns="http://www.loc.gov/MARC21/slim"><record><leader>00392nam--2200145-i-4500</leader><controlfield tag="001">000042743</controlfield><controlfield tag="002">20161230</controlfield><controlfield tag="005">20161230201043</controlfield><controlfield tag="008">060222s1000------------r-----000-0-eng-d</controlfield><datafield ind1=" " ind2=" " tag="080"><subfield code="a">515.12(061.3)</subfield></datafield><datafield ind1=" " ind2=" " tag="245"><subfield code="a">Studies in topology</subfield></datafield><datafield ind1=" " ind2=" " tag="260"><subfield code="a">New York, Academic Press, Inc.,1975. 650 P</subfield></datafield><datafield ind1=" " ind2=" " tag="700"><subfield code="a">Stavrakas,N.M. And Allen,Keith R</subfield></datafield><datafield ind1=" " ind2=" " tag="852"><subfield code="a">45348</subfield><subfield code="c">515/516</subfield></datafield><datafield ind1=" " ind2=" " tag="CAT"><subfield code="a">Sys</subfield><subfield code="c">20080612</subfield><subfield code="h">102110</subfield></datafield></record></collection>